<?xml version="1.0" encoding="UTF-8"?><collection xmlns="http://www.loc.gov/MARC21/slim"><record><leader>00526nam--2200193-i-4500</leader><controlfield tag="001">000031209</controlfield><controlfield tag="002">20161230</controlfield><controlfield tag="005">20161230201038</controlfield><controlfield tag="008">060222s1000------------r-----000-0-eng-d</controlfield><datafield ind1=" " ind2=" " tag="040"><subfield code="a">IFIN-HH</subfield></datafield><datafield ind1=" " ind2=" " tag="080"><subfield code="a">801</subfield></datafield><datafield ind1="1" ind2=" " tag="100"><subfield code="a">Serghievschi, M.V</subfield></datafield><datafield ind1="1" ind2="0" tag="245"><subfield code="a">Dictionar romano-rus. contine circa 30000 cuvinte</subfield><subfield code="c">M.v. serghievschi, c.a. maetisevscaia</subfield></datafield><datafield ind1=" " ind2=" " tag="250"><subfield code="a">Editia Vi-a</subfield></datafield><datafield ind1=" " ind2=" " tag="260"><subfield code="a">Bucuresti</subfield><subfield code="b">Cartea Rusa</subfield><subfield code="c">1953</subfield></datafield><datafield ind1=" " ind2=" " tag="300"><subfield code="a">409P</subfield></datafield><datafield ind1="1" ind2=" " tag="700"><subfield code="a">Maetisevscaia, C.A</subfield></datafield><datafield ind1=" " ind2=" " tag="852"><subfield code="a">D.132</subfield><subfield code="c">SLG</subfield></datafield><datafield ind1=" " ind2=" " tag="CAT"><subfield code="a">Sys</subfield><subfield code="c">20130207</subfield><subfield code="h">143711</subfield></datafield></record></collection>